<record xmlns='http://www.loc.gov/MARC21/slim'
><leader
  >01938ntm a2200289Ii 4500</leader
  ><controlfield tag='001'
  >991058310480306011</controlfield
  ><controlfield tag='005'
  >20220603155417.0</controlfield
  ><controlfield tag='008'
  >220602s1700    enk           000 0 eng d</controlfield
  ><datafield ind1=' ' ind2=' ' tag='035'
  ><subfield code='a'
    >(OCoLC)1322493240h</subfield
    ></datafield
  ><datafield ind1=' ' ind2=' ' tag='035'
  ><subfield code='a'
    >(OCoLC)on1322493240h</subfield
    ></datafield
  ><datafield ind1=' ' ind2=' ' tag='040'
  ><subfield code='a'
    >HRH</subfield
    ><subfield code='b'
    >eng</subfield
    ><subfield code='e'
    >dcrmmss</subfield
    ><subfield code='c'
    >HRH</subfield
    ></datafield
  ><datafield ind1=' ' ind2=' ' tag='041'
  ><subfield code='a'
    >eng</subfield
    ></datafield
  ><datafield ind1=' ' ind2=' ' tag='049'
  ><subfield code='a'
    >HRHH</subfield
    ></datafield
  ><datafield ind1=' ' ind2='9' tag='099'
  ><subfield code='a'
    >MS 3327, Container 109</subfield
    ></datafield
  ><datafield ind1='0' ind2='0' tag='245'
  ><subfield code='a'
    >History of Marechal de Gassion :</subfield
    ><subfield code='k'
    >manuscript.</subfield
    ></datafield
  ><datafield ind1=' ' ind2=' ' tag='260'
  ><subfield code='a'
    >England ;</subfield
    ><subfield code='c'
    >approximately 1700</subfield
    ></datafield
  ><datafield ind1=' ' ind2=' ' tag='300'
  ><subfield code='a'
    >255 leaves :</subfield
    ><subfield code='b'
    >paper,</subfield
    ><subfield code='c'
    >31 x 20 cm</subfield
    ></datafield
  ><datafield ind1=' ' ind2=' ' tag='336'
  ><subfield code='a'
    >text</subfield
    ><subfield code='b'
    >txt</subfield
    ><subfield code='2'
    >rdacontent</subfield
    ></datafield
  ><datafield ind1=' ' ind2=' ' tag='337'
  ><subfield code='a'
    >unmediated</subfield
    ><subfield code='b'
    >n</subfield
    ><subfield code='2'
    >rdamedia</subfield
    ></datafield
  ><datafield ind1=' ' ind2=' ' tag='338'
  ><subfield code='a'
    >volume</subfield
    ><subfield code='b'
    >nc</subfield
    ><subfield code='2'
    >rdacarrier</subfield
    ></datafield
  ><datafield ind1=' ' ind2=' ' tag='500'
  ><subfield code='a'
    >Title devised by cataloger.</subfield
    ></datafield
  ><datafield ind1=' ' ind2=' ' tag='520'
  ><subfield code='a'
    >Unidentified translation of Michel de Pure&apos;s Histoire du marêchal de Gassion (Amsterdam: Chez J. Louis de Lorme &amp; Estienne Roger, 1696) concerning Jean, Comte de Garrison (1609-1647). Contains preface and books 1-4 in one volume with genealogical table of the de Gassion family from the 16th century. Books 1-4 paginated 1-122, 1-137, 1-137, and 1-105, each separated by several blank leaves.</subfield
    ></datafield
  ><datafield ind1=' ' ind2=' ' tag='590'
  ><subfield code='a'
    >MS 3327, Container 109: Acquired by the Ransom Center in 1977 from Jenkins and Company. Binding (English. Early 18thc?): Full calfskin(?) parchment over paper boards. Reversed caps, natural hollow, cut edges lightly sprinkled. Transverse spine lining of coarsely woven fabric. Blind tooling front and back covers, (later?) tooled title label (tanned goatskin) adhered over spine extending onto covers. Sewn on four tawed thongs laced through outer joints. No endbands. Endleaf components: front - off-white handmade laid paper fold adhered to inside of cover making pastedown, free endleaf; back - final leaf of textblock adhered to inside of cover as pastedown.</subfield
    ></datafield
  ><datafield ind1='2' ind2=' ' tag='791'
  ><subfield code='a'
    >Medieval and Early Modern Manuscripts Collection.</subfield
    ></datafield
  ><datafield ind1=' ' ind2=' ' tag='752'
  ><subfield code='a'
    >England,</subfield
    ><subfield code='e'
    >producation place.</subfield
    ></datafield
  ><datafield ind1='2' ind2=' ' tag='979'
  ><subfield code='a'
    >Medieval and Early Modern Manuscripts Collection.</subfield
    ></datafield
  ><datafield ind1=' ' ind2=' ' tag='994'
  ><subfield code='a'
    >C0</subfield
    ><subfield code='b'
    >HRH</subfield
    ></datafield
  ></record
>